<record><leader>00000cas a22000007a 4500</leader><controlfield tag="001">20943116</controlfield><controlfield tag="008">900123d19781982ohusn ne      0    0eng d</controlfield><datafield ind1=" " ind2=" " tag="010"><subfield code="a">sn 89076261 </subfield></datafield><datafield ind1=" " ind2=" " tag="040"><subfield code="a">ONP</subfield><subfield code="b">eng</subfield><subfield code="c">ONP</subfield><subfield code="d">OCLCQ</subfield></datafield><datafield ind1=" " ind2=" " tag="042"><subfield code="a">msc</subfield></datafield><datafield ind1="0" ind2="0" tag="245"><subfield code="a">Probe.</subfield></datafield><datafield ind1=" " ind2=" " tag="260"><subfield code="a">[Lancaster, Ohio :</subfield><subfield code="b">Ohio University],</subfield><subfield code="c">1978-</subfield></datafield><datafield ind1=" " ind2=" " tag="300"><subfield code="a">v.</subfield></datafield><datafield ind1=" " ind2=" " tag="310"><subfield code="a">Semimonthly (during the school year)</subfield></datafield><datafield ind1="0" ind2=" " tag="362"><subfield code="a">Vol. 1, no. 1 (Apr. 6, 1978)-</subfield></datafield><datafield ind1="1" ind2=" " tag="362"><subfield code="a">Ceased in 1982.</subfield></datafield><datafield ind1="0" ind2="0" tag="780"><subfield code="t">Reaction</subfield><subfield code="w">(DLC)sn 89076262</subfield></datafield><datafield ind1="0" ind2="0" tag="785"><subfield code="t">Cougar prints</subfield><subfield code="w">(DLC)sn 89076260</subfield></datafield></record>